@misc{legendofzelda,
  title = {Historia de "The legend of Zelda"},
  howpublished = {\url{https://www.techtudo.com.br/noticias/noticia/2014/09/legend-zelda-veja-melhores-curiosidades-sobre-famosa-franquia.html}},
  note = {Acedido a: 6-12-2020}
}
@misc{streetfighter,
  title = {Historia de "Street Fighter"},
  howpublished = {\url{https://epicplay.com/street-fighter-o-comeco-da-maior-franquia-de-luta-dos-games/}},
  note = {Acedido a: 6-12-2020}
}
@misc{tetris,
  title = {Historia de "Tetris"},
  howpublished = {\url{https://edition.cnn.com/style/article/tetris-video-game-history/index.html}},
  note = {Acedido a: 6-12-2020}
}
@misc{mariobros,
  title = {Historia de "Mario Bros"},
  howpublished = {\url{https://noticias.r7.com/hora-7/segredos-do-mundo/mario-bros-origem-historia-curiosidades-e-jogos-gratuitos-da-franquia-27072020}},
  note = {Acedido a: 6-12-2020}
}
@misc{donkeykong,
  title = {Historia de "Donkey Kong"},
  howpublished = {\url{http://contemgames.com.br/historia/jogos/1981-Donkey-Kong.aspx}},
  note = {Acedido a: 5-12-2020}
}
@misc{pacman,
  title = {Historia de "Pac-Man"},
  howpublished = {\url{https://segredosdomundo.r7.com/pac-man-historia/}},
  note = {Acedido a: 5-12-2020}
}
@misc{geral,
  title = {Site da historia dos jogos electrónicos organizada de forma cronológica},
  howpublished = {\url{https://pt.wikipedia.org/wiki/Hist\%C3\%B3ria_dos_jogos_eletr\%C3\%B4nicos}},
  note = {Acedido a: 26-11-2020}
}
@misc{gameboy,
  title = {Site com informações sobre a Game Boy},
  howpublished = {\url{https://www.nintendo.pt/A-empresa/Historia-da-Nintendo/Game-Boy/Game-Boy-627031.html}},
  note = {Acedido a: 8-12-2020}
}
@misc{playstation,
  title = {Historia da evolução da Play Station},
  howpublished = {\url{https://www.playstation.com/pt-pt/explore/ps4/playstation-through-the-years/}},
  note = {Acedido a: 10-12-2020}
}
@misc{XBox,
  title = {Historia da evolução da Xbox},
  howpublished = {\url{https://www.techtudo.com.br/noticias/noticia/2013/05/conheca-historia-do-xbox-o-revolucionario-console-da-microsoft.html}},
  note = {Acedido a: 10-12-2020}
}
@misc{finalfantasy,
  title = {Historia de "Final Fantasy"},
  howpublished = {\url{https://www.techtudo.com.br/noticias/noticia/2012/12/final-fantasy-completa-25-anos-conheca-historia-da-saga.html}},
  note = {Acedido a: 10-12-2020}
}
@misc{quintageracao,
  title = {Base da Quinta Geração, e as consolas que mais marcaram esta era},
  howpublished = {\url{https://pt.wikipedia.org/wiki/Consoles_de_jogos_eletr\%C3\%B4nicos_de_quinta_gera\%C3\%A7\%C3\%A3o}},
  note = {Acedido a: 10-12-2020}
}

